<record><leader>00000cas a22000007a 4500</leader><controlfield tag="001">24656829</controlfield><controlfield tag="008">911031d19591969aruwr ne      0    0eng d</controlfield><datafield ind1=" " ind2=" " tag="010"><subfield code="a">sn 91050182 </subfield></datafield><datafield ind1=" " ind2=" " tag="040"><subfield code="a">ANU</subfield><subfield code="b">eng</subfield><subfield code="c">ANU</subfield><subfield code="d">OCLCQ</subfield></datafield><datafield ind1=" " ind2=" " tag="042"><subfield code="a">msc</subfield></datafield><datafield ind1=" " ind2=" " tag="043"><subfield code="a">n-us-ar</subfield></datafield><datafield ind1="0" ind2=" " tag="130"><subfield code="a">Manila sentinel (Manila, Ark. : 1959)</subfield></datafield><datafield ind1="1" ind2="0" tag="245"><subfield code="a">Manila sentinel.</subfield></datafield><datafield ind1=" " ind2=" " tag="260"><subfield code="a">Manila, Ark. :</subfield><subfield code="b">Jack Tipton</subfield></datafield><datafield ind1=" " ind2=" " tag="300"><subfield code="a">v.</subfield></datafield><datafield ind1=" " ind2=" " tag="310"><subfield code="a">Weekly</subfield></datafield><datafield ind1="1" ind2=" " tag="362"><subfield code="a">Began in 1959; ceased in 1969?</subfield></datafield><datafield ind1=" " ind2=" " tag="588"><subfield code="a">Description based on: Sept. 3, 1959.</subfield></datafield><datafield ind1=" " ind2="0" tag="651"><subfield code="a">Manila (Ark.)</subfield><subfield code="v">Newspapers.</subfield></datafield><datafield ind1=" " ind2=" " tag="752"><subfield code="a">United States</subfield><subfield code="b">Arkansas</subfield><subfield code="c">Mississippi</subfield><subfield code="d">Manila.</subfield></datafield><datafield ind1="0" ind2="0" tag="780"><subfield code="t">Star-sentinel (Manila, Ark.)</subfield><subfield code="w">(DLC)sn 91050150</subfield></datafield><datafield ind1="1" ind2=" " tag="029"><subfield code="a">AU@</subfield><subfield code="b">000025860250</subfield></datafield></record>